<collection xmlns="http://www.loc.gov/MARC21/slim">
<record>
  <leader>01878nam0a22003731i 450 </leader>
  <controlfield tag="001">IT\ICCU\CNCE\023744</controlfield>
  <controlfield tag="005">20061009000000.0</controlfield>
  <datafield tag="012" ind1=" " ind2=" ">
    <subfield code="a">diem e-us e-s. scce (3) 1596 (A)</subfield>
    <subfield code="2">fei</subfield>
  </datafield>
  <datafield tag="100" ind1=" " ind2=" ">
    <subfield code="a">19970715d1596        0itac0103    ba</subfield>
  </datafield>
  <datafield tag="101" ind1=" " ind2=" ">
    <subfield code="a">LAT</subfield>
  </datafield>
  <datafield tag="102" ind1=" " ind2=" ">
    <subfield code="a">IT</subfield>
  </datafield>
  <datafield tag="200" ind1="1" ind2=" ">
    <subfield code="a">Modus legendi abbreuiaturas, passim in iure tam ciuili, quam pontificio occurrentes ... Tituli quae \!! et Rubricae vulgo nuncupantur, in vniuersum ius ciuile, ex Haloandri recognitione ascripti ...</subfield>
  </datafield>
  <datafield tag="210" ind1=" " ind2=" ">
    <subfield code="a">Venetiis</subfield>
    <subfield code="c">apud Bartholomaeum Carampellum</subfield>
    <subfield code="d">1596</subfield>
  </datafield>
  <datafield tag="215" ind1=" " ind2=" ">
    <subfield code="a">272 p.</subfield>
    <subfield code="d">8ʻ</subfield>
  </datafield>
  <datafield tag="620" ind1=" " ind2=" ">
    <subfield code="a">IT</subfield>
    <subfield code="d">Venezia</subfield>
  </datafield>
  <datafield tag="702" ind1=" " ind2="1">
    <subfield code="a">Rosello,</subfield>
    <subfield code="b">Lucio Paolo</subfield>
    <subfield code="3">IT\ICCU\CNCA\000009</subfield>
  </datafield>
  <datafield tag="702" ind1=" " ind2="1">
    <subfield code="a">Haloander,</subfield>
    <subfield code="b">Gregor</subfield>
    <subfield code="3">IT\ICCU\CNCA\003161</subfield>
  </datafield>
  <datafield tag="712" ind1="0" ind2="0">
    <subfield code="a">Carampello, Bartolomeo</subfield>
    <subfield code="3">IT\ICCU\CNCT\000292</subfield>
    <subfield code="4">650</subfield>
  </datafield>
  <datafield tag="790" ind1=" " ind2="1">
    <subfield code="a">Rosselli,</subfield>
    <subfield code="b">Lucio Paolo</subfield>
    <subfield code="3">IT\ICCU\CNCA\015330</subfield>
    <subfield code="z">Rosello, Lucio Paolo</subfield>
  </datafield>
  <datafield tag="790" ind1=" " ind2="1">
    <subfield code="a">Rosellus,</subfield>
    <subfield code="b">Lucius Paulus</subfield>
    <subfield code="3">IT\ICCU\CNCA\023586</subfield>
    <subfield code="z">Rosello, Lucio Paolo</subfield>
  </datafield>
  <datafield tag="790" ind1=" " ind2="1">
    <subfield code="a">Salzmann,</subfield>
    <subfield code="b">Gregor</subfield>
    <subfield code="3">IT\ICCU\CNCA\014317</subfield>
    <subfield code="z">Haloander, Gregor</subfield>
  </datafield>
  <datafield tag="790" ind1=" " ind2="1">
    <subfield code="a">Meltzer,</subfield>
    <subfield code="b">Gregor</subfield>
    <subfield code="3">IT\ICCU\CNCA\014318</subfield>
    <subfield code="z">Haloander, Gregor</subfield>
  </datafield>
  <datafield tag="790" ind1=" " ind2="1">
    <subfield code="a">Aloandro,</subfield>
    <subfield code="b">Gregorio</subfield>
    <subfield code="3">IT\ICCU\CNCA\014319</subfield>
    <subfield code="z">Haloander, Gregor</subfield>
  </datafield>
  <datafield tag="790" ind1=" " ind2="1">
    <subfield code="a">Hoffmann,</subfield>
    <subfield code="b">Gregor</subfield>
    <subfield code="3">IT\ICCU\CNCA\019549</subfield>
    <subfield code="z">Haloander, Gregor</subfield>
  </datafield>
  <datafield tag="791" ind1="0" ind2="0">
    <subfield code="a">Carampellus, Bartholomaeus</subfield>
    <subfield code="3">IT\ICCU\CNCT\004445</subfield>
    <subfield code="z">Carampello, Bartolomeo</subfield>
  </datafield>
  <datafield tag="791" ind1="0" ind2="0">
    <subfield code="a">Carampelli, Bartolomeo</subfield>
    <subfield code="3">IT\ICCU\CNCT\004446</subfield>
    <subfield code="z">Carampello, Bartolomeo</subfield>
  </datafield>
  <datafield tag="801" ind1=" " ind2="3">
    <subfield code="a">IT</subfield>
    <subfield code="b">ICCU</subfield>
    <subfield code="c">20201114</subfield>
  </datafield>
  <datafield tag="899" ind1=" " ind2=" ">
    <subfield code="a">Biblioteca comunale. Fabriano</subfield>
    <subfield code="1">AN0033</subfield>
    <subfield code="2">URB BF</subfield>
  </datafield>
  <datafield tag="899" ind1=" " ind2=" ">
    <subfield code="a">Biblioteca Giovardiana. Veroli</subfield>
    <subfield code="1">FR0072</subfield>
    <subfield code="2">RMS G1</subfield>
  </datafield>
  <datafield tag="899" ind1=" " ind2=" ">
    <subfield code="a">Biblioteca statale. Lucca</subfield>
    <subfield code="1">LU0022</subfield>
    <subfield code="2">LUA BL</subfield>
  </datafield>
  <datafield tag="899" ind1=" " ind2=" ">
    <subfield code="a">Biblioteca nazionale Braidense. Milano</subfield>
    <subfield code="1">MI0185</subfield>
    <subfield code="2">MIL NB</subfield>
  </datafield>
  <datafield tag="899" ind1=" " ind2=" ">
    <subfield code="a">Biblioteca vescovile. Assisi</subfield>
    <subfield code="1">PG0011</subfield>
    <subfield code="2">PBE 59</subfield>
  </datafield>
  <datafield tag="899" ind1=" " ind2=" ">
    <subfield code="a">Biblioteca universitaria. Pisa</subfield>
    <subfield code="1">PI0112</subfield>
    <subfield code="2">PIS R1</subfield>
  </datafield>
  <datafield tag="899" ind1=" " ind2=" ">
    <subfield code="a">Fondazione Biblioteca S. Bernardino. Trento</subfield>
    <subfield code="z">MUTILO</subfield>
    <subfield code="1">TN0122</subfield>
    <subfield code="2">ZTN 18</subfield>
  </datafield>
</record>
</collection>
